@MISC{
  ISCO:08,
	HOWPUBLISHED = "\url{https://www.ilo.org/public/english/bureau/stat/isco/isco08/index.htm}",
	AUTHOR = "ILO",
	TITLE = "ISCO - International Standard Classification of Occupations",
	MONTH = "June",
	YEAR = "2016",
	NOTE = "Accessed on 2020-04-09"
}

@MISC{MT,
HOWPUBLISHED = "\url{https://www.mturk.com/}",
AUTHOR = "AWS",
TITLE = "Amazon Mechanical Turk",
NOTE = "Accessed on 2020-04-09"
}

@MISC{FAFO:HK,
HOWPUBLISHED = "\url{https://www.fafo.no/images/pub/2018/20664.pdf}",
AUTHOR = "Nergaard",
TITLE = "Fleksibel arbeidstid: En analyse av ordninger i norsk arbeidsliv",
YEAR = "2018",
NOTE = "Accessed on 2020-04-10"
}


@MISC{NBER:1,
	HOWPUBLISHED = "\url{https://www.nber.org/papers/w26948.pdf}",
	AUTHOR = "Jonathan I. Dingel, Brent Neiman",
	TITLE = "How many jobs can be done at home?",
	MONTH = "April",
	YEAR = "2020",
	NOTE = "Accessed on 2020-04-10"
}